@article{kirkpatrick83,
	author = "S. Kirkpatrick and C. D. Gelatt Jr. and M. P. Vecchi",
	title = "Optimization by Simulated Annealing",
	journal = "Science Magazine",
	volume =  "220",
	number = "4598",
	pages = "671-680",
	year = "1983",
	month = "mayo",
	note = "\href{http://www.sciencemag.org/content/220/4598/671.full.pdf}{$âˆž$}"
}

@book{russellAI,
	author = "Stuart Russell and Peter Norvig",
	title     = "Artificial Intelligence: A Modern Approach",
	year      = "2010",
	publisher = "Prentice Hall",
	edition = "3rd"
}